
@book{kauranen2006,
        author={Kauranen,Ilkka and Mustakallio,Mikko A. and Palmgren,Virpi},
        year={2006},
        title={Tutkimusraportin kirjoittamisen opas opinnäytetyön tekijöille},
        publisher={Teknillinen korkeakoulu},
        address={Espoo},
        pages={109 s},
        note={Lisäpainokset: 2. korj. p. 2007.},
        isbn={951-22-8359-X (nid.)},
        language={fin}
}


@book{hirsjarvi2009,
        author={Hirsjärvi, Sirkka and Remes, Pirkko and Sajavaara, Paula},
        year={2009},
        title={Tutki ja kirjoita},
        publisher={Tammi},
        address={Hämeenlinna},
        note={15. uudistettu painos},
        isbn={978-951-31-4836-2},
        language={fin}
}


@Book{oikeinkirjoitus2010,
  ALTauthor = 	 {},
  editor = 	 {Kankaanpää, Salli and Heikkilä, Elina and Korhonen, Riitta and Maamies, Sari and Piehl, Aino},
  title = 	 {Kielitoimiston oikeinkirjoitusopas},
  publisher = 	 {Kotimaisten kielten tutkimuskeskus},
  year = 	 {2010},
  OPTkey = 	 {},
  OPTvolume = 	 {},
  OPTnumber = 	 {},
  OPTseries = 	 {},
  OPTaddress = 	 {},
  OPTedition = 	 {},
  OPTmonth = 	 {},
  note = 	 {8. painos},
  OPTannote = 	 {}
}

@book{goossens1994,
        author={Goossens,Michel and Mittelbach,Frank and Samarin,Alexander},
        year={1994},
        title={The LATEX companion},
        publisher={Addison-Wesley},
        address={Reading (MA)},
        pages={528 s},
        isbn={0-201-54199-8},
        language={eng}
}

@book{mittelbach2004Safari,
        author={Mittelbach,Frank},
        year={2004},
        title={{The LaTeX companion}},
        publisher={Safari Tech Books Online},
        address={Boston, MA},
        edition={2nd ed.},
        note={Safari Tech Books Online},
        language={eng}
}

@book{mittelbach2004,
        author={Mittelbach,Frank and Goossens,Michel and Braams,Johannes},
        year={2004},
        title={{The LaTeX companion}},
        publisher={Addison-Wesley},
        address={Boston},
        pages={1090 s. +},
        edition={2nd ed.},
        note={Lisäpainokset: Repr. 2006.},
        keywords={textbehandling - dataprogram; textproduktion; datorsättning; tekstinkäsittely; tekstinvalmistus; Latex; atk-ohjelmat - LaTeX; tekstinkäsittely - atk-ohjelmat; tekstinvalmistus - atk-ohjelmat; graafinen teollisuus; ohjelmistot; Printing industry; Computerized typesetting; Software; textbehandling; atk-ohjelmat},
        isbn={0-201-36299-6 (nid.)},
        language={eng}
}




@Misc{mattakivela,
  OPTkey = 	 {},
  author = 	 {Kivelä, Simo K.},
  title = 	 {{LaTeX-kurssi}},
  OPThowpublished = {},
  OPTmonth = 	 {},
  OPTyear = 	 {},
  note = 	 {Saatavissa \url{http://matta.hut.fi/matta2/latex/index.html}. Viitattu 28.1.2011.},
  OPTannote = 	 {}
}

@Misc{lyhyt2e,
  OPTkey = 	 {},
  author = 	 {Oetiker, Tobias},
  title = 	 {{Pitkänpuoleinen johdanto LaTeX2e:n käyttöön}},
  OPThowpublished = {},
  OPTmonth = 	 {},
  OPTyear = 	 {},
  note = 	 {Saatavissa \url{ftp://www.ctan.org/ctan/info/lshort/finnish/lyhyt2e.pdf}. Viitattu 28.1.2011.},
  OPTannote = 	 {}
}


@Article{AAP+04,
  author =	 {Dimitrios I. Axiotis and Tareq Al-Gizawi and
                  Konstatntinos Peppas and Emmanuel N. Protonotarios
                  and Fotis I. Lazarakis and Constantitnos Papadias
                  and Panos I. Philippopoulos},
  title =	 {Services in Interworking {3G} and {WLAN}
                  Environments},
  journal =	 {IEEE Wireless Communications},
  year =	 2004,
  volume =	 11,
  number =	 5,
  pages =	 {14-20},
  month =	 oct
}

@book{hand2001principles,
  title={{Principles of data mining}},
  author={Hand, D.J. and Mannila, H. and Smyth, P.},
  isbn={026208290X},
  year={2001},
  publisher={The MIT press}
}


@InProceedings{AB95,
  author =	 {Ross J. Anderson and S. Johann Bezuidenhout},
  title =	 {Cryptographic Credit Control in Pre-payment Metering
                  Systems},
  booktitle =	 {1995 IEEE Symposium on Security and Privacy},
  year =	 1995,
  annote =	 {referred 13.4.2000},
}

@Misc{EC96,
  author =	 {{European Commission}},
  title =	 {{Strategic Developments for the European Publishing
                  Industry towards the Year 2000 - Europe's Multimedia
                  Challenge}},
  year =	 1996,
  annote =	 {Beskriver en värdekedjemodell som är indelad i två
                  nivåer; innehåll och infrastruktur. Bas för INDICAs
                  värdekedjemodell.}
}

@techreport{IDReqNom03,
  author =	 {Y. Nomura and R. Walsh and J. Ott and
                  H. Schulzrinne},
  title =	 {{Protocol Requirements for Internet Media Guides}},
  institution =	 {{IETF}},
  year =	 {2003},
  type =	 {Internet Draft},
  month =	 dec,
  note =	 {Work in progress. Expires June, 2004},
  description =	 {Now (Oct 2003) it seems as if the Electronic Service
                  Guide ESG used in IP Datacasting will be based on
                  IMG},
  abstract =	 { This memo specifies requirements for a protocol for
                  accessing and updating Internet Media Guide (IMG)
                  information for media-on-demand and multicast
                  applications. These requirements are designed to
                  guide development of an IMG protocol for efficient
                  and scalable delivery. },
  url =
                  {http://www.ietf.org/internet-drafts/draft-ietf-mmusic-img-req-02.txt}
}

@misc{RFC3550,
  author =	 {H. Schulzrinne and S. Casner and R. Frederic and
                  V. Jacobson},
  title =	 {{RFC 3550: RTP: A Transport Protocol for Real-Time
                  Applications}},
  insitution =	 {{IETF}},
  year =	 2003,
  month =	 jul,
  note =	 {Status: DRAFT STANDARD}
}


@misc{ipdcforum_def,
  title =	 {{About {IP} Datacasting - Overview}},
  author =	 {{IPDC Forum}},
  url =          {http://www.ipdc-forum.org/about/index.html},
  year =         {2004},
  note =	 {{IPDC Forumin WWW-sivu. Viitattu 18.2.2004.}}
}

@MastersThesis{Teekkari2010,
  author = 	 {Teemu Teekkari},
  title = 	 {Diplomityöni},
  school = 	 {Aalto-yliopiston perustieteiden korkeakoulu},
  year = 	 {2010},
  type = 	 {Diplomityö},
  note =		 {Saatavissa \url{http://www.cis.hut.fi/
teemu/katkotaan/
rivia/
jotta/
helpompi/
katkaista/
sopivasta/
kohtaa/
tamakin/
litania/
poikki/
rtfm.html}. Viitattu 25.1.2011.},
  address = 	 {Espoo}
}

@InCollection{Hinton94,
  author =      {Geoffrey E. Hinton and Richard S. Zemel},
  title =       {Autoencoders, Minimum Description Length and {H}elmholtz
                 Free Energy},
  booktitle =   {Advances in Neural Information Processing Systems 6},
  publisher =   {The MIT Press},
  address =     {Cambridge, MA, USA},
  year =        {1998},
  pages =       {3--10},
  editor =      {Jack D. Cowan and Gerald Tesauro and Joshua Alspector}
}

@Manual{tktl,
  title = 	 {BiBTeX-tyylin tktl käyttöohje},
  OPTkey = 	 {},
  author = 	 {Puolakka, Mikael},
  organization = {Helsingin yliopiston tietojenkäsittelytieteen laitos},
  OPTaddress = 	 {},
  OPTedition = 	 {},
  OPTmonth = 	 {},
  year = 	 {2002},
  OPTnote = 	 {},
  OPTannote = 	 {}
}

% Käytä tätä muiden kirjojen pohjana!

@book{h264,
        author={Richardson, Iain},
        year={2010},
        title={H.264 Advanced Video Compression Standard},
        publisher={Wiley},
        address={Chichester, West Sussex, United Kingdom},
        edition={2nd ed.},
		note={348 s},
		isbn={978-0-470-51692-8 (nid.), 978-0-470-98928-9 (elektr.)},
        language={eng}
}

@book{intro,
        author={Grama, Ananth and Gupta, Anshul and Karypis, George and Kumar, Vipin},
        year={2003},
        title={Introduction to Parallel Computing},
        publisher={Pearson},
        address={Harlow, Essex, United Kingdom},
        edition={2nd ed.},
		note={636 s},
		isbn={0-201-64865-2},
        language={eng}
}

@book{ari,
        author={Ben-Ari, M.},
        year={2006},
        title={Principles of Concurrent and Distributed Programming},
        publisher={Pearson},
        address={Harlow, Essex, United Kingdom},
        edition={2nd ed.},
		note={361 s},
		isbn={978-0-321-31283-9},
        language={eng}
}

@book{mpeg_app,
        author={Angelides, Marios C. and Agius, Harry},
        year={2011},
        title={Handbook of MPEG Applications : Standards in Practice},
        publisher={Wiley},
        address={Chichester, West Sussex, United Kingdom},
		note={551 s},
		isbn={978-0-470-75507-0 (nid.), 978-0-470-97458-2 (elektr.)},
        language={eng}
}

@book{du,
        author={Du, Ke-Lin and Swamy, M. N. S.},
        year={2010},
        title={Wireless Communication Systems - From RF Subsystems to 4G Enabling Technologies},
        publisher={Cambridge University Press},
        address={New York, USA},
		note={551 s},
		pages = {733-752},
		isbn={9780511716898 (elektr.)},
        language={eng}
}

@book{rauber,
        author={Rauber, Thomas and Gudula, Rünger},
        year={2010},
        title={Parallel Programming: For Multicore and Cluster Systems},
        publisher={Springer},
        address={Berlin, Germany},
		note={455},
		isbn={978-3-642-04817-3},
        language={eng}
}

@misc{youtube,
	author = {YouTube},
	title = {YouTube-statistiikkaa},
	howpublished = "\url{http://www.youtube.com/t/press_statistics}",
	year = {2013},
	month = jan
}

@misc{cisco,
	author = {Cisco},
	title = {Ciscon ennustus mobiilidatan kehityksestä},
	howpublished = "\url{http://www.cisco.com/en/US/solutions/collateral/ns341/ns525/ns537/ns705/ns827/white_paper_c11-520862.html}",
	year = {2013},
	month = jan
}

@misc{sutter,
	author = {Herb Sutter},
	title = {Free Lunch is Over},
	howpublished = "\url{http://www.gotw.ca/publications/concurrency-ddj.htm}",
	year = {2013},
	month = jan
}

@misc{top500,
	author = {Meuer, Hans and Strohmaier, Erich and Dongarra, Jack and Simon, Horst},
	title = {Listaus maailman supertietokoneista},
	howpublished = "\url{http://www.top500.org/}",
	year = {2013},
	month = mar
}

@InProceedings{amdahl,
  author =	 {Amdahl, Gene M.},
  title =	 {Validity of the single processor approach to achieving large scale computing capabilities},
  booktitle =	 {AFIPS Conference Proceedings},
  year =	 1967,
  pages =     {483-485},
  annote =	 {viitattu 10.3.2013},
}

@Article{xu,
  author =	 {Peng, Xiulian and Xu, Jizheng and Zhouu, You and Wu, Feng},
  title =	 {Highly Parallel Line-Based Image Coding for Many Cores},
  journal =	 {IEEE Transactions on Image Processing},
  year =	 2012,
  volume =	 21,
  number =	 1,
  pages =	 {196-206},
  month =	 jan
}

@Article{ut-va,
  author =	 {Koc, Ut-Va and Liu, K. J. Ray},
  title =	 {DCT-Based Motion Estimation},
  journal =	 {IEEE Transactions on Image Processing},
  year =	 1998,
  volume =	 7,
  number =	 7,
  pages =	 {948-965},
  month =	 jul
}

@Article{cremers,
  author =	 {Schoenemann, Thomas and Cremers, Daniel},
  title =	 {A Coding-Cost Framework for Super-Resolution Motion Layer Decomposition},
  journal =	 {IEEE Transactions on Image Processing},
  year =	 2012,
  volume =	 21,
  number =	 3,
  pages =	 {1097-1110},
  month =	 mar
}

@Article{wei,
  author =	 {Wei, Jian and Zhao, Yan and Jin, Fushou},
  title =	 {Hierarchical prediction structure for subimage coding and multithreaded parallel implementation in integral imaging},
  journal =	 {Applied Optics},
  year =	 2011,
  volume =	 50,
  number =	 12,
  pages =	 {1707-1716},
  month =	 apr
}

@Article{lazar,
title = "Massively parallel neural encoding and decoding of visual stimuli",
journal = "Neural Networks",
volume = "32",
number = "0",
pages = "303 - 312",
year = "2012",
note = "Selected Papers from IJCNN 2011",
issn = "0893-6080",
doi = "10.1016/j.neunet.2012.02.007",
url = "http://www.sciencedirect.com/science/article/pii/S0893608012000366",
author = "Aurel A. Lazar and Yiyin Zhou",
keywords = "Neural encoding of visual stimuli",
keywords = "Spiking neural models",
keywords = "Massively parallel reconstruction of visual stimuli",
keywords = "Recurrent neural networks",
keywords = "Neural circuits with random thresholds",
keywords = "Receptive fields"
}

@Article{chi,
  author =	 {Chi, Chi Ching and Alvarez-Mesa, Mauricio and Juurlink, Ben and Clare, Gordon and Henry, Felix and Schriel, Thomas},
  title =	 {Parallel Scalability and Efficiency of HEVC Parallelization Approaches},
  journal =	 {IEEE Transactions on Circuits and Systems for Video Technology},
  year =	 2012,
  volume =	 22,
  number =	 12,
  pages =	 {1827-1838},
  month =	 dec
}

@Article{choi,
  author =	 {Choi, Kiho and Jang, Euee S.},
  title =	 {Leveraging Parallel Computing in Modern Video Coding Standards},
  journal =	 {IEEE Computer Society},
  year =	 2012,
  volume =	 12,
  number =	 0,
  pages =	 {7-11},
  month =	 jul
}

@Article{pieters,
title = "Data-parallel intra decoding for block-based image and video coding on massively parallel architectures",
journal = "Signal Processing: Image Communication",
volume = "27",
number = "3",
pages = "220 - 237",
year = "2012",
note = "",
issn = "0923-5965",
doi = "10.1016/j.image.2012.01.001",
url = "http://www.sciencedirect.com/science/article/pii/S0923596512000021",
author = "Bart Pieters and Charles-Frederik Hollemeersch and Jan De Cock and Peter Lambert and Rik Van de Walle",
keywords = "GPU",
keywords = "H.264/AVC",
keywords = "Intra prediction",
keywords = "JPEG XR",
keywords = "Massively parallel",
keywords = "Parallel processing"
}

@InProceedings{li,
  author =	 {Li, Dongmei and Peng, Shuai and Li, Zhaohui},
  title =	 {Design and Optimization of High Efficiency Parallel Video Coding System},
  booktitle =	 {Fifth International Joint Conference on Computational Sciences and Optimization},
  year =	 2012,
  pages =     {592-596},
  annote =	 {viitattu 11.3.2013},
}

@Article{hiding,
  author =	 {Liao, Ke and Lian, Shiguo and Guo, Zhichuan and Wang, Jinlin},
  title =	 {Effcient information hiding in H.264/AVC video coding},
  journal =	 {Journal of Visual Communication and Image Representation},
  year =	 2011,
  volume =	 22,
  number =	 8,
  pages =	 {704-711},
  month =	 jun
}

@Book{sync,
  author =	 {Qi, Xiaoin and Chen, Mianshu and Chen, Hexin},
  title =	 {A CAVLC Embedded Method for Audio-Video Synchronization Coding Based on H.264},
  journal =	 {International Conference on Multimedia Technology},
  year =	 2011,
  publisher = {IEEE},
  isbn = {9781612847719},
  pages =	 {16-19}
}

@InProceedings{mujal,
  author =	 {Mujal, Miquel and Kirlin, Lynn R.},
  title =	 {Compression Enhancement of Video Motion of Mouth Region Using Joint Audio and Video Coding},
  booktitle =	 {Fifth IEEE Southwest Symposium on Image Analysis and Interpretation},
  year =	 2002,
  annote =	 {viitattu 12.3.2013}
}

@Article{lee,
title = "Efficient video coding based on audio-visual focus of attention",
journal = "Journal of Visual Communication and Image Representation",
volume = "22",
number = "8",
pages = "704 - 711",
year = "2011",
note = "Emerging Techniques for High Performance Video Coding",
issn = "1047-3203",
doi = "10.1016/j.jvcir.2010.11.002",
url = "http://www.sciencedirect.com/science/article/pii/S104732031000146X",
author = "Jong-Seok Lee and Francesca De Simone and Touradj Ebrahimi",
keywords = "Video coding",
keywords = "Audio-visual focus of attention",
keywords = "Quality of experience",
keywords = "Audio-visual source localization",
keywords = "H.264/AVC",
keywords = "Flexible macroblock ordering (FMO)",
keywords = "Canonical correlation analysis",
keywords = "Subjective quality assessment"
}

@misc{x264,
	author = {VideoLan},
	title = {x264-ohjelmiston kotisivut},
	howpublished = "\url{http://www.videolan.org/developers/x264.html}",
	year = {2013},
	month = mar
}

@Article{apopei,
title = "Automatic parallelisation for LTI MIMO state space systems using FPGAs. An optimisation for cost \&; performance",
journal = "Journal of Parallel and Distributed Computing",
volume = "72",
number = "8",
pages = "990 - 1007",
year = "2012",
note = "",
issn = "0743-7315",
doi = "10.1016/j.jpdc.2012.04.009",
url = "http://www.sciencedirect.com/science/article/pii/S0743731512001050",
author = "B. Apopei and T.J. Dodd",
keywords = "FPGA",
keywords = "Automation",
keywords = "State space",
keywords = "Control systems",
keywords = "Optimisation",
keywords = "Pipelining",
keywords = "Parallel computing",
keywords = "Resource sharing"
}


@InProceedings{dope,
  author =	 {Raman, Arun and Hanjun, Kim and Oh, Taewood and Lee, Jae W. and August, David I. and Hall, Mary and Padua, David},
  title =	 {Parallelism orchestration using DoPE: the degree of parallelism executive},
  booktitle =	 {32nd ACM SIGPLAN conference},
  year =	 2011,
  pages = {26-37},
  annote =	 {viitattu 14.3.2013}
}

@ARTICLE{rvc, 
author={Ruirui Gu and Janneck, J.W. and Bhattacharyya, S.S. and Raulet, M. and Wipliez, M. and Plishker, W.}, 
journal={Circuits and Systems for Video Technology, IEEE Transactions on}, title={Exploring the Concurrency of an MPEG RVC Decoder Based on Dataflow Program Analysis}, 
year={2009},
month=nov,
volume={19}, 
number={11}, 
pages={1646-1657}, 
keywords={data flow analysis;decoding;multiprocessing systems;parallel languages;parallel programming;scheduling;video coding;CAL language;MPEG RVC decoder;MPEG reconfigurable video coding decoder;SDF description model;TDP software tool;client access license language;complex DSP application;concurrency technique;dataflow language;dataflow program analysis;differential item functioning dataflow interchange format package;digital signal processing;dynamic dataflow framework;high-level application structure;in-depth case study;multicore system;multimedia processing;parallel processing platform;parallelism exploitation;preprocessing step;region detection;software synthesis;static scheduling technique;synchronous dataflow model;video processing application;wireless communication;CAL;MPEG RVC;concurrency;dataflow;dataflow interchange format;parallel processing}, 
doi={10.1109/TCSVT.2009.2031517}, 
ISSN={1051-8215},
}

@misc{orcc,
	author = {Raulet, Mickael and Wipilez, Matthieu and Nezan, Jean-Francois and Mattavelli, Marco},
	title = {Orcc-ohjelmiston kotisivu},
	howpublished = "\url{http://orcc.sourceforge.net/}",
	year = {2013},
	month = mar
}

@article{blelloch, 
author={Blelloch, G.E.}, 
journal={Computers, IEEE Transactions on}, title={Scans as primitive parallel operations}, 
year={1989}, 
volume={38}, 
number={11}, 
pages={1526-1538}, 
keywords={computational complexity;instruction sets;parallel algorithms;parallel programming;search problems;sorting;Connection Machine system;EREW PRAM;O(log n) factor;PARIS;algorithm design;line-drawing algorithm;memory references;merging algorithm;minimum-spanning-tree algorithm;parallel instruction set;parallel random access machine;quicksort algorithm;radix-sort algorithm;scan primitives;unit-time primitives;Algorithm design and analysis;Artificial intelligence;Concurrent computing;Hardware;Merging;Parallel algorithms;Phase change random access memory;Read-write memory;Sorting;Testing}, 
doi={10.1109/12.42122}, 
ISSN={0018-9340},}

@misc{nvidia,
	author = {NVidia},
	title = {NVidian kehittäjien verkkosivut},
	howpublished = "\url{https://developer.nvidia.com/nvidia-video-codec-sdk}",
	year = {2013},
	month = apr
}

@Article{moore,
  author = {Moore, Gordon E.},
  title = {Cramming more components onto integrated circuits},
  journal =	 {Electronics},
  year =	 1965,
  volume =	 38,
  number =	 8,
  month =	 apr
}

@book{mitra,
  title={Digital Video: Moving Images and Computers},
  author={Mitra, A.},
  isbn={9781438134611},
  series={Digital world},
  url={http://books.google.fi/books?id=6M86Q9\_1oMAC},
  year={2010},
  publisher={Facts On File, Incorporated}
}


@ARTICLE{perception, 
author={Hyungsuk Oh and Wonha Kim}, 
journal={Image Processing, IEEE Transactions on}, title={Video Processing for Human Perceptual Visual Quality-Oriented Video Coding}, 
year={2013}, 
volume={22}, 
number={4}, 
pages={1526-1535}, 
keywords={filtering theory;image classification;image resolution;video coding;artifacts;foveation filter;hedge algorithm;human capacity;human perceptual video quality saliency model;human perceptual visual quality-oriented video coding;online moving pattern classifier;saliency-based video coding methods;spatial-temporal resolution;video processing method;video signals;visual saliency;visual sensory memory;Humans;Quality assessment;Spatial resolution;Vectors;Video coding;Video recording;Visualization;Hedge algorithm;human visual perception;video coding;visual saliency}, 
doi={10.1109/TIP.2012.2233485}, 
ISSN={1057-7149},}

@book{vajda,
  title={Programming Many-core Chips},
  author={Vajda, A.},
  isbn={9781441997395},
  lccn={2011930407},
  url={http://books.google.fi/books?id=pSxa\_anfiG0C},
  year={2011},
  publisher={Springer US}
}

